<?xml version="1.0" encoding="UTF-8" ?>
<collection xmlns:xsi="http://www.w3.org/2001/XMLSchema-instance"
    xsi:schemaLocation="http://www.loc.gov/MARC21/slim
        http://www.loc.gov/standards/marcxml/schema/MARC21slim.xsd"
    xmlns="http://www.loc.gov/MARC21/slim">
<record>
  <leader>00267cam a2200517 i 4500</leader>
  <controlfield tag="001">b12616175</controlfield>
  <controlfield tag="003">LeBAU</controlfield>
  <controlfield tag="005">20170919</controlfield>
  <controlfield tag="008">970828s1931    ua            ||0 0 ara d</controlfield>
  <datafield tag="035" ind1=" " ind2=" ">
    <subfield code="a">ocn784429340</subfield>
  </datafield>
  <datafield tag="040" ind1=" " ind2=" ">
    <subfield code="a">LEAUB</subfield>
    <subfield code="b">ara</subfield>
    <subfield code="e">rda</subfield>
    <subfield code="c">LEAUB</subfield>
    <subfield code="d">LEAUB</subfield>
  </datafield>
  <datafield tag="082" ind1="0" ind2="4">
    <subfield code="a">915.38</subfield>
    <subfield code="2">22</subfield>
  </datafield>
  <datafield tag="100" ind1="1" ind2=" ">
    <subfield code="6">880-01</subfield>
    <subfield code="a">Arslān, Shakīb,</subfield>
    <subfield code="c">Amīr,</subfield>
    <subfield code="d">1869-1946,</subfield>
    <subfield code="e">author.</subfield>
  </datafield>
  <datafield tag="245" ind1="1" ind2="0">
    <subfield code="6">880-02</subfield>
    <subfield code="a">al-Irtisāmāt al-luṭāf fī khāṭir al-ḥajj ilá aqdas maṭāf :</subfield>
    <subfield code="b">wa-hiya al-riḥlah al-ḥijāzīyah /</subfield>
    <subfield code="c">li-amīr al-bayān wa-nādirat al-zamān al-Amīr Shakīb Arslān ; waqafa ʻalá taṣḥīḥihā wa-‘allaqa ḥawāshīhā al-Sayyid Muḥammad Rashīd Riḍā, munshi’ Majallat al-Manār.</subfield>
  </datafield>
  <datafield tag="246" ind1="3" ind2="0">
    <subfield code="6">880-03</subfield>
    <subfield code="a">Riḥlah al-ḥijāzīyah</subfield>
  </datafield>
  <datafield tag="250" ind1=" " ind2=" ">
    <subfield code="6">880-04</subfield>
    <subfield code="a">al-Ṭab‘ah al-ūlá.</subfield>
  </datafield>
  <datafield tag="264" ind1=" " ind2="1">
    <subfield code="6">880-05</subfield>
    <subfield code="a">Miṣr :</subfield>
    <subfield code="b">Maṭbaʻat al-Manār,</subfield>
    <subfield code="c">1350 [H.], [1931? M.]</subfield>
  </datafield>
  <datafield tag="300" ind1=" " ind2=" ">
    <subfield code="6">880-06</subfield>
    <subfield code="a">14, 286, b-d pages ;</subfield>
    <subfield code="c">24 cm</subfield>
  </datafield>
  <datafield tag="336" ind1=" " ind2=" ">
    <subfield code="a">text</subfield>
    <subfield code="b">txt</subfield>
    <subfield code="2">rdacontent</subfield>
  </datafield>
  <datafield tag="337" ind1=" " ind2=" ">
    <subfield code="a">unmediated</subfield>
    <subfield code="b">n</subfield>
    <subfield code="2">rdamedia</subfield>
  </datafield>
  <datafield tag="338" ind1=" " ind2=" ">
    <subfield code="a">volume</subfield>
    <subfield code="b">nc</subfield>
    <subfield code="2">rdacarrier</subfield>
  </datafield>
  <datafield tag="600" ind1="1" ind2="4">
    <subfield code="a">ارسلان، شكيب،</subfield>
    <subfield code="c">الامير،</subfield>
    <subfield code="d">1869-1941</subfield>
    <subfield code="x">رحلات.</subfield>
  </datafield>
  <datafield tag="600" ind1="1" ind2="0">
    <subfield code="a">Arslān, Shakīb,</subfield>
    <subfield code="c">Amīr,</subfield>
    <subfield code="d">1869-1946</subfield>
    <subfield code="x">Travel.</subfield>
  </datafield>
  <datafield tag="650" ind1=" " ind2="4">
    <subfield code="a">الحجاج والحج الاسلامي</subfield>
    <subfield code="z">السعودية</subfield>
    <subfield code="z">مكة.</subfield>
  </datafield>
  <datafield tag="650" ind1=" " ind2="0">
    <subfield code="a">Muslim pilgrims and pilgrimages</subfield>
    <subfield code="z">Saudi Arabia</subfield>
    <subfield code="z">Mecca.</subfield>
  </datafield>
  <datafield tag="651" ind1=" " ind2="4">
    <subfield code="a">الحجاز (السعودية)</subfield>
    <subfield code="x">وصف ورحلات.</subfield>
  </datafield>
  <datafield tag="651" ind1=" " ind2="0">
    <subfield code="a">Hejaz (Saudi Arabia)</subfield>
    <subfield code="x">Description and travel.</subfield>
  </datafield>
  <datafield tag="700" ind1="0" ind2=" ">
    <subfield code="6">880-07</subfield>
    <subfield code="a">Muḥammad Rashīd Riḍā,</subfield>
    <subfield code="e">compiler.</subfield>
  </datafield>
  <datafield tag="775" ind1="0" ind2=" ">
    <subfield code="6">880-08</subfield>
    <subfield code="t">al-Irtisāmāt al-luṭāf fī khāṭir al-ḥajj ilá aqdas maṭāf, 1929</subfield>
    <subfield code="d">Bayrūt : al-Mu’assasah al-‘Arabīyah lil-Dirāsāt wa-al-Nashr, 2004</subfield>
    <subfield code="w">(OCoLC)784555677</subfield>
    <subfield code="w">(OCoLC)784555677</subfield>
  </datafield>
  <datafield tag="775" ind1="0" ind2=" ">
    <subfield code="6">880-09</subfield>
    <subfield code="t">al-Irtisāmāt al-luṭāf fī khāṭir al-ḥajj ilá aqdas maṭāf: wa-hiya al-riḥlah al-ḥijāzīyah.</subfield>
    <subfield code="b">al-Ṭab‘ah al-ūlá</subfield>
    <subfield code="d">al-Mukhtārah, Lubnān : al-Dār al-Taqaddumīyah, 2010</subfield>
    <subfield code="w">(OCoLC)784591722</subfield>
    <subfield code="w">(OCoLC)784591722</subfield>
  </datafield>
  <datafield tag="852" ind1=" " ind2=" ">
    <subfield code="a">Jafet Archives and Special Collections</subfield>
    <subfield code="e">American University of Beirut, Bliss Street , Beirut, Lebanon.</subfield>
  </datafield>
  <datafield tag="852" ind1=" " ind2=" ">
    <subfield code="a">Jafet Library</subfield>
    <subfield code="e">American University of Beirut, Bliss Street , Beirut, Lebanon.</subfield>
  </datafield>
  <datafield tag="880" ind1="1" ind2=" ">
    <subfield code="6">100-01/(3/r</subfield>
    <subfield code="a">ارسلان، شكيب،</subfield>
    <subfield code="c">الامير،</subfield>
    <subfield code="d">1869-1941،</subfield>
    <subfield code="e">مؤلف. </subfield>
    <subfield code="4">aut.</subfield>
  </datafield>
  <datafield tag="880" ind1="1" ind2="3">
    <subfield code="6">245-02/(3/r</subfield>
    <subfield code="a">الإرتسامات اللطاف في خاطر الحاج إلى أقدس مطاف :</subfield>
    <subfield code="b">وهي الرحلة الحجازية /</subfield>
    <subfield code="c">لأمير البيان ونادرة الزمان الأمير شكيب ارسلان ؛ وقف على تصحيحها وعلق حواشيها السيد محمد رشيد رضا، منشئ مجلة المنار.</subfield>
  </datafield>
  <datafield tag="880" ind1="3" ind2="0">
    <subfield code="6">246-03/(3/r</subfield>
    <subfield code="a">الرحلة الحجازية</subfield>
  </datafield>
  <datafield tag="880" ind1=" " ind2=" ">
    <subfield code="6">250-04/(3/r</subfield>
    <subfield code="a">الطبعة الأولى.</subfield>
  </datafield>
  <datafield tag="880" ind1=" " ind2="1">
    <subfield code="6">264-05/(3/r</subfield>
    <subfield code="a">مصر :</subfield>
    <subfield code="b">مطبعة المنار،</subfield>
    <subfield code="c">1350 [هـ.]، [1931؟ م.]</subfield>
  </datafield>
  <datafield tag="880" ind1=" " ind2=" ">
    <subfield code="6">300-06/(3/r</subfield>
    <subfield code="a">14، 286، ب-د صفحة ؛</subfield>
    <subfield code="c">24 سم</subfield>
  </datafield>
  <datafield tag="880" ind1="0" ind2=" ">
    <subfield code="6">700-07/(3/r</subfield>
    <subfield code="a">محمد رشيد رضا،</subfield>
    <subfield code="e">معد. </subfield>
    <subfield code="4">com.</subfield>
  </datafield>
  <datafield tag="880" ind1="0" ind2=" ">
    <subfield code="6">775-08/(3/r</subfield>
    <subfield code="t">الإرتسامات اللطاف في خاطر الحاج الى اقدس مطاف، 1929</subfield>
    <subfield code="d">بيروت : المؤسسة العربية للدراسات والنشر، 2004</subfield>
    <subfield code="w">b13516541</subfield>
    <subfield code="w">(OCoLC)784555677</subfield>
  </datafield>
  <datafield tag="880" ind1="0" ind2=" ">
    <subfield code="6">775-09/(3/r</subfield>
    <subfield code="t">الارتسامات اللطاف في خاطر الحاج الى اقدس مطاف: وهي الرحلة الحجازية.</subfield>
    <subfield code="b">الطبعة الأولى</subfield>
    <subfield code="d">المختارة، لبنان : الدار التقدمية، 2010</subfield>
    <subfield code="w">b14580901</subfield>
    <subfield code="w">(OCoLC)784591722</subfield>
  </datafield>
  <datafield tag="907" ind1=" " ind2=" ">
    <subfield code="a">.b12616175</subfield>
    <subfield code="b">17-10-02</subfield>
    <subfield code="c">11-05-24</subfield>
  </datafield>
  <datafield tag="907" ind1=" " ind2=" ">
    <subfield code="a">.b12616175</subfield>
    <subfield code="b">15-10-15</subfield>
    <subfield code="c">11-05-24</subfield>
  </datafield>
  <datafield tag="945" ind1=" " ind2=" ">
    <subfield code="f">CA</subfield>
    <subfield code="a">915.38:A783iA:1931:c.1</subfield>
    <subfield code="i">00378721</subfield>
    <subfield code="j">.i13135521</subfield>
    <subfield code="l">u0304</subfield>
  </datafield>
  <datafield tag="945" ind1=" " ind2=" ">
    <subfield code="f">J</subfield>
    <subfield code="a">915.38:A783iA:1931:c.1</subfield>
    <subfield code="i">00378715</subfield>
    <subfield code="j">.i13135533</subfield>
    <subfield code="l">u0503</subfield>
  </datafield>
  <datafield tag="998" ind1=" " ind2=" ">
    <subfield code="a">u03</subfield>
    <subfield code="a">u05</subfield>
    <subfield code="b">97-08-28</subfield>
    <subfield code="c">m</subfield>
    <subfield code="d">a</subfield>
    <subfield code="e">-</subfield>
    <subfield code="f">ara</subfield>
    <subfield code="g">ua </subfield>
    <subfield code="h">0</subfield>
    <subfield code="i">2</subfield>
  </datafield>
</record>
</collection>
